@Article{Einstein,
  author =       "Albert Einstein",
  title =        "{Zur Elektrodynamik bewegter K{\"o}rper}. ({German})
                 [{On} the electrodynamics of moving bodies]",
  journal =      "Annalen der Physik",
  volume =       "322",
  number =       "10",
  pages =        "891--921",
  year =         "1905",
  DOI =          "http://dx.doi.org/10.1002/andp.19053221004"
} 

@article{garcia1982elections,
  title={Elections in a distributed computing system},
  author={Garcia-Molina, Hector},
  journal={Computers, IEEE Transactions on},
  volume={100},
  number={1},
  pages={48--59},
  year={1982},
  publisher={IEEE}
}

@misc{pulse,
      author = "Rafael Lozano-Hemmer",
      title = "Pulse {R}oom",
      year = "2006",
      note = "{Museum of 21st Century Art (Kanazawa), Colección/Fundación Jumex (Mexico City), MONA Museum (Hobart), Jonathon Carroll Collection (NYC), and Museum of Modern Art (NYC).}"
},

@misc{NASA,
      author = "{NASA Glenn Research Center}",
      title = "Webcam Pulse Detector",
      year = "2014",
      note = "https://github.com/thearn/webcam-pulse-detector"
},

@inproceedings{babaoglu2007firefly,
  title={Firefly-inspired heartbeat synchronization in overlay networks},
  author={Babaoglu, Ozalp and Binci, Toni and Jelasity, M{\'a}rk and Montresor, Alberto},
  booktitle={Self-Adaptive and Self-Organizing Systems, 2007. SASO'07. First International Conference on},
  pages={77--86},
  year={2007},
  organization={IEEE}
}